%%%%%%%%%%%%%%%%%% BiB-TeX- Datenbank 


@misc{3gpp,
		  author={3GPP},
		  title={3rd Generation Partnership Project},
		  howpublished=	{http://www.3gpp.org},  
		  month=feb, year=2010}

@Online{RFC1058,
  title = 	 {RFC1058: Routing Information Protocol},
  url = 	 {https://tools.ietf.org/html/rfc1058},
  urldate = 	 {2017-04-28}
}

@Book{Ell08,
  author = 	 {Frank Ellinger},
  title = 	 {Radio Frequency Integrated Circuits and Technology},
  publisher = 	 {Springer Verlag},
  year = 	 {2008},
  edition = 2
}

@Manual{ad585,
  title = 	 {Analog Devices AD585, Data-Sheet, High Speed, Precision Sample-and-hold Amplifier},
  organization = {Analog Devices},
  address = 	 {http://www.analog.com},
  month = 	 apr,
  year = 	 {2011}
}

@Online{avago_an5385,
  editor = 	 {Avago Technologies},
  title = 	 {VMMK-1218 Application Information, Application Note 5385},
  year = 	 {2010},
  url = 	 {http://www.avagotech.com/pages/en/rf_microwave/transistors/fet/vmmk-1218/},
  urldate = 	 {2014-11-09}
}

@Patent{aud08,
  author = 	 {Lee de Forest},
  title = 	 {Space Telegraphy},
  number = 	 {US 879.532},
  year = 	 {1908}
}

@Online{lwl13,
  editor = 	 {Wikipedia},
  title = 	 {LWL-Steckverbinder},
  year = 	 {2013},
  url = 	 {http://de.wikipedia.org/wiki/LWL-Steckverbinder},
  urldate = 	 {2013-01-31}
}


@ARTICLE{aks93,
                  author = {M. I. Aksun and R. Mittra},
                  title = {Choices of Expansion and Testing Functions
                  for the Method of Moments Applied to a Class of
                  Electromagnetic Problems},
                  year = 1993,
                  journal = {IEEE Transactions on Microwave Theory and Techniques},
                  volume = 41,
                  pages = {503--508},
                  number = 3,
                  month = mar}

